%ensemble des articles


@article{Galland2001,
  title={Adolescence, post-adolescence, jeunesse : retour sur quelques interprétations},
  author={Galland O.},
  journal={Revue française de sociologie},
  pages={611-640},
  number = {4},
  volume = {42}
  year={2001},
}


@article{Caradec1998,
  title={Les transitions biographiques, étapes du vieillissement},
  author={Caradec V.},
  journal={Prévenir},
  pages={131 - 137},
  number = {35},
  year={1998},
}

@article{Eideliman2010,
  title={Aux origines sociales de la culpabilité maternelle. Handicap mental et sentiments parentaux dans la France contemporaine},
  author={Eideliman, J.-S.},
  journal={Revue internationale de l’éducation familiale},
  pages={81 - 98},
  number = {27},
  year={2010},
}


@article{Trani2012,
  title={Poverty and disability: A vicious circle? Evidence from Afghanistan and Zambia},
  author={Trani, J-F., \& Loeb, M.},
  journal={Journal of International Development},
  pages={19 - 52},
  volume = {24},
  number = {4},
  year={2012},
  month = {Janvier},
  day = {1},
}


@article{Andresen2005,
  title={Pap, Mammography, and Clinical Breast Examination Screening Among Women with Disabilities: A Systematic Review},
  author={Andresen, E.M., Peterson-Besse, J.J., Krahn, G.L., Walsh, E.S., Horner-Johnson, W., \& Iezzoni, L.I.},
  journal={Women’s Health Issues},
  pages={205 - 214},
  volume = {23},
  number = {4},
  year={2005},
  month = {Juillet},
  day = {1},
}



@article{Pezzementi2005,
  title={Oral health status of people with intellectual disabilities in the southeastern United States},
  author={Pezzementi, M.L., \& Fisher, M.A.},
  journal={Journal of the American Dental Association (1939)},
  pages={903 - 912},
  volume = {136},
  number = {7},
  year={2005},
  month = {Juillet},
}


@article{Jensen2008,
  title={Factors Associated with Oral Health–Related Quality of Life in Community-Dwelling Elderly Persons with Disabilities},
  author={Jensen, P.M., Saunders, R.L., Thierer, T., \& Friedman, B.},
  journal={Journal of the American Geriatrics Society},
  pages={711-717},
  volume = {56},
  number = {4},
  year={2008},
  day = {1},
  month = {Avril},
}

@article{Plottu2010,
  title={Politiques publiques à incidences sociales: pour une évaluation participative},
  author={Plottu, B.},
  journal={Économie et Humanisme},
  pages={78-82},
  year={2010},
}

@article{Directive93/42/CEE,
  title={Directive 93/42/CEE du conseil du 14 Juin 1993 relative aux dispositifs médicaux},
  author={Conseil Européen},
  journal={Journal officielle},
  number={169},
  pages={1},
  year={1993},
  month = "Juillet",
  day = "12",
}


@article{Gohet2013,
  title={L'avanc{\'e}e en {\^a}ge des personnes handicap{\'e}es Contribution {\`a} la r{\'e}flexion},
  author={Gohet, P.},
  journal={Paris IGAS},
  year={2013}
}

@article{AzemaMartinez2005,
  title={Les personnes handicap{\'e}es vieillissantes: espérances de vie et de santé; qualité de vie},
  author={Azéma, B., \& Martinez, N.},
  journal={Revue française des affaires sociales},
  number={2},
  pages={295-333},
  year={2005},
  publisher={La Doc. française}
}

@article{CarterJancar1983,
  title={Mortality in the mentally handicapped: A 50 year survey at the Stoke Park group of hospitals (1930--1980).},
  author={Carter, G. \& Jancar, J.},
  journal={Journal of mental deficiency research},
  year={1983},
  publisher={Blackwell Publishing}
}

@article{Didier2005,
  title={Eléments d'information sur la législation en faveur des personnes handicapées en France: de la loi de 1975 à celle de 2005},
  author={Courbin, D-P,  and Gilbert, P.},
  journal={Revue française des Affaires sociales},
  number={2},
  pages={207--227},
  year={2005},
  publisher={La Doc. française}
}

@article{Levy2002,
  title={La loi du 2 janvier 2002 rénovant l’action sociale et médico-sociale: changement et/ou continuité},
  author={Levy, M},
  journal={Revue de droit sanitaire et social},
  number={3},
  pages={421},
  year={2002}
}

@article{loi2005.102,
  title={102 du 11 février 2005 pour l’égalité des droits et des chances, la participation et la citoyenneté des personnes handicapées},
  author={Loi, N},
  journal={En ligne http://www. legifrance. gouv. fr/affichTexte.do},
  pages={2006--555},
  year={2005}
}

@article{OMS2001,
  title={Classification internationale du fonctionnement, du handicap et de la santé (CIF)},
  author={Organisation Mondiale de la Santé},
  journal={Geneve : World Health Organization},
  year={2001}
}

@article {Bickenbach1999,
 title = {Models of disablement, universalism and the international classification of impairments, disabilities and handicaps},
 author = {Bickenbach, J. E., Chatterji, S., Badley, E.M., \& Üstün, T.B},
 year = {1999},
 journal = {Social Science and Medicine},
 page = {1173-1187},
 volume = {48},
 numero = {9},
 }

@article {Ustun1998,
 title = {A reply to David Pfeiffer},
 author = {Üstün, T.B., Bickenbach, J. E., Badley, E., \& Chatterji, S.},
 year = {1998},
 journal = {Disability and Society},
 page = {830},
 volume = {13},
 numero = {5},
 }


@article {ChapireauColvez1998,
 title = {Social disadvantage in the international classification of impairments, disabilities and handicaps},
 author = {Chapireau, F., \& Colvez, A.},
 year = {1998},
 journal = {Social Science and Medicine},
 page = {59-66},
 volume = {1},
 numero = {47},
 }

@article {Nagi1965,
 title = {Some conceptual views in disability and rehabilitation},
 author = {Saad Z. Nagi},
 year = {1965},
 journal = {Sociology and rehabilitation}, 
 }


@article{Peckham2007,
  title={The vulnerability and sexual abuse of people with learning disabilities},
  author={Peckham, N.G.},
  journal={British Journal of Learning Disabilities},
  volume={35},
  number={2},
  pages={131--137},
  year={2007},
  publisher={Wiley Online Library}
}

@article {Beatty2003,
 title = {Access to health care services among people with chronic or disabling conditions: patterns and predictors 1},
 author = {Beatty P.W, Hagglund K.J., Neri M.T., Dhont K.R, Clark M.J \& Hilton S.A.},
 year = {2003},
 month = {Octobre},
 journal = {Archives of Physical Medicine and Rehabilitation}, 
 pages = {1417-1425},
 volume = {84},
 number = {10}
 }


@article {Hoffman2007,
 title = {Association of mobility limitations with health care satisfaction and use of preventive care: a survey of Medicare beneficiaries},
 author = {Hoffman J.M., Shumway-Cook A., Yorkston K.M., Ciol M.A., Dudgeon B.J. \& Chan, L.},
 year = {2007},
 month = {Mai},
 journal = {Archives of Physical Medicine and Rehabilitation}, 
 pages = {583-588},
 volume = {88},
 number = {5}
 }


@article {Ramirez2005,
 title = {Disability and Preventive Cancer Screening: Results from the 2001 California Health Interview Survey},
 author = {Ramirez A.F.},
 year = {2005},
 month = {Novembre},
 journal = {American Journal of Public Health}, 
 pages = {2057-2064},
 volume = {95},
 number = {11}
 }

@article {Andresen2013,
 title = {Pap, Mammography, and Clinical Breast Examination Screening Among Women with Disabilities: A Systematic Review},
 author = {Andresen, E.M., Peterson-besse, J.J., Krahn G.L., Walsh E.S., Horner-Johnson W., \& Iezzoni L.I.},
 year = {2013},
 month = {Juillet},
 journal = {Women’s Health Issues}, 
 pages = {205-214},
 volume = {23},
 number = {4}
 }

@article {SwoneyBarr2004,
 title = {Equity of access to health care for people with learning disabilities},
 author = {Swoney, M., \& Barr, O.},
 year = {2004}, 
 journal = {Journal for learning disabilities}, 
 pages = {247-265}}
 
 @article {LombrailPascal2005,
 title = {Inégalités sociales de santé et accès aux soins}, 
 author = {Lombrail, P., \& Pascal, J.},
 year = {2005}, 
 journal = {Les Tribunes de la santé}, 
 pages = {31}}
 

@article {Baggot1998,
 title = {Health and Health Care in Britain},
 author = {Baggot, R.},
 year = {1998}, 
 journal = {2nd edn. Basingstoke: Macmillan}, 
 }
 
@article {Popplewell2014,
 title = {How do adults with physical disability experience primary care? A nationwide cross-sectional survey of access among patients in England},
 author = {Popplewell, N.T.A., Rechel, B.P.D., \& Abel, G.A.},
 year = {2014}, 
 month = {Août},
 journal = {BMJ Open}, 
 number = {8}, 
 volume = {4},
 }
 
@article {GrahamMann2008,
 title = {Accessibility of primary care physician practice sites in South Carolina for people with disabilities},
 author = {Graham, C.L., \& Mann, J.R.},
 year = {2008},
 month = {Octobre},
 journal = {Disability and Health Journal}, 
 number = {4}, 
 volume = {1},
 pages = {209-214},
 }

 @article {Mudrick2012,
 title = {Physical accessibility in primary health care settings: Results from California on-site reviews},
 author = {Mudrick, N.R., Breslin M.L., Liang, M., \& Yee, S.},
 year = {2012},
 month = {Juillet},
 journal = {Disability and Health Journal}, 
 number = {3}, 
 volume = {5},
 pages = {159-167},
 }

@article {Merten2015,
 title = {Barriers to cancer screening for people with disabilities: A literature review},
 author = {Merten, J.W., Pomeranz J.L., King J.L., Moorhouse M., and Wynn R.D.},
 year = {2015},
 month = {Janvier},
 journal = {Disability and Health Journal}, 
 number = {1}, 
 volume = {8},
 pages = {9-16},
 }
 
@article {Carrillo2011,
 title = {Defining and targeting health care access barriers},
 author = {Carrillo, J.E., Carrillo, V.A., Perez, H.R., Salas-lopez, D., Natale-Pereira, A., \& Byron A.T.},
 year = {2011},
 month = {Mai},
 journal = {Journal of Health Care for the Poor and Underserved}, 
 number = {2}, 
 volume = {22},
 pages = {562-575},
 }


@article {Evandrou1990,
 title = {Equity in Health and Social Care},
 author = {Evandrou, M., Falkinham, J., Legrand, J. \& Winter, D.},
 year = {1990},
 journal = {London: London School of Economics}, 
 }
 
@article {NutleyOsborne1994,
 title = {The Public Sector Management Handbook},
 author = {Nutley, S., \& Osborne, S. P.},
 year = {1994},
 journal = {Harlow: Longman}, 
 } 
 
@article {Mann1998,
 title = {Santé publique : éthique et  droits de la personen},
 author = {Mann J.},
 year = {1998},
 journal = {Santé publique},
 pages = {239-250},
 number = {10},
 } 

@article {Prince2007, 
author = {Prince, M., Patel, V., Saxena, S., Maj, M., Maselko, J., Phillips, M. R., \& Rahman, A.},
year = {2007},
title = {No health without mental health},
month = {Septembre}, 
volume = {370},
numero = {9590},
pages = {859-877},
journal = {The Lancet},
}


@article {Kancherla2013, 
author = {Kancherla, V., Van Naarden Braun, K., \& Yeargin-Allsop, M.},
year = {2013},
title = {Dental care among young adults with intellectual disability},
month = {Mai}, 
volume = {34},
numero = {5},
pages = {1630-1641},
journal = {Research in Developmental Disabilities},
}

%thèses - master


@phdthesis {Friant2012,
title = {Vers une école plus juste : entre description, compréhension et gestion du système},
author = {Friant, N.},
school = {Université de Mons},
year = {2012},
month = {November},
note = "\url{http://tel.archives-ouvertes.fr/tel-00752087}",
}


@phdthesis {Rossignol1999,
title = {Inadaptation, handicap, Invalidation ?},
author = {Rossignol, C.},
school = {Université de Strasbourg},
year = {1999},
}
 

@phdthesis {Bussiere2016,
title = {Recours aux soins de santé primaires des personnes en situation de handicap : analyses économiques à partir des données de l’enquête Handicap-Santé},
author = {Bussiere, C.},
school = {Université Paris-Saclay},
year = {2016},
}
 
%référence internet
 
@online {oxforddictionnary, 
 note = "\url{http://www.oxforddictionaries.com/fr/}",
 }
 
 
@online {DayDonabedian2005,
author = {Day, A. \& Donabedian, A.},
title = {Conception et définition de l'accès aux soins de santé},
year = {2005},
note = {Rwanda},
note = "\url{http://www.memoireonline.com/07/08/1302/m_contribution-mutuelles-sante-accessibilite- population-services-de-sante3.html}",
}

@online {DictionnaireLarousse, 
 note = "\url{http://www.larousse.fr/dictionnaires/francais}"
 }
 
%livres
 
@book {VanDeVelde2008,
title = {Devenir adulte. Sociologie comparée de la jeunesse en Europe},
year = {2008},
author = {Van de Velde C.},
edition = {PUF},
}


@book {Bidard2006,
title = {Devenir adulte aujourd’hui. Perspectives internationales},
year = {2006},
author = {Bidart C.},
edition = {L’Harmattan},
}

@book {Foucauld1995,
title = {Le financement de la protection sociale},
year = {1995},
author = {De Foucauld, J.B.},
institution = {Commissariat général du Plan},
edition = {La Doc. française},
page = {102},
}

@book {MineRapport1994,
title = {La France de l'an 2000},
year = {1994},
author = {Mine, A.},
institution = {Commissariat général du Plan},
edition = {Odile Jacob/La Doc. française},
}


@book {Rivero1966,
  title={Les notions d'égalité et de discrimination en droit interne et en droit international},
  author={Rivero, J.},
  year={1966},
  adress = {Travaux de l'Association Henri Capitant, T. XIV, 1961-1962},
  page = {345},
  edition = {Dalloz},
}

@book {Vedel1990,
  title={"L'égalité" in: La Déclaration des droits de l'homme et du citoyen de 1789. Ses origines, sa pérennité.},
  author={Vedel, G.},
  year={1990},
  adress = {Paris},
  page = {172},
  edition = {La Doc. française},
}


@book {Morin1994,
  title={La complexité humaine},
  author={Morin, E.},
  year={1994},
  adress = {Paris},
  edition = {Flammarion},
}

@book {VeyssetDeremble1988,
  title={Dépendance et vieillissement},
  author={Veysset, B., \& Deremble, J-P.},
  year={1988},
  adress = {Paris},
  edition = {L’Harmattan},
}

@book {INSEE2011,
  title={L'espérance de vie s'accroît, les inégalités sociales face à la mort demeurent},
  author={Blanpain, N.},
  year={2011},
  month = {Octobre},
  adress = {Paris},
  edition = {INSEE Première},
  numero = {1372},
  publisher = {INSEE},
}


@book {Cyrulnik1989,
  title={Sous le signe du lien},
  author={Cyrulnik, B.},
  year={1989},
  adress = {Paris},
  edition = {Hachette}
}

@book {Bourdelais1993,
  title={L'âge de la vieillesse. Histoire du vieillissement de la population},
  author={Patrice, B.},
  year={1993},
  publisher={Institut national d'études démographiques},
  adress = {Paris},
  edition = {Odile Jacob}
}

@book {Brami2014,
  title={Une pratique prodessionnelle innovante : la mise en place d'une \og charte de confiance EHPAD - Familles\fg{} },
  author={Brami, G.},
  year={2014},
  publisher={Les études hospitalières},
}


@book {OMS1988,
  title={ Classification internationale des handicaps: déficiences, incapacités et désavantages: un manuel de classification des conséquences des maladies},
  author={Organisation Mondiale de la Santé (OMS)},
  year={1988},
  publisher={Organisation Mondiale de la Santé (OMS)},
  adress = {Paris : CTNERHI-INSERM},
}


@book {UNAPEI2013,
  title={Pour une santé accessible aux personnes handicapées mentales},
  author={Biotteau, C., Caron, J., Colonna, J., Hayart, F., Husse, C., Jausseran, M., Junke, M-F., Lagier, P., Lombard, F., Pohrer, M., Prévot, D.},
  year={2013},
  publisher={UNAPEI},
  adress = {Paris},
}


@book{Piazza2001,
  title={Handicaps et déficiences de l'enfant},
  author={Dalla Piazza, S., \& Dan},
  year={2001},
  publisher={D. B. Universited},
  adress = {Bruxelles},
}


@book{Fougeyrollas1998,
  title={The Quebec classification: Disability creation process},
  author={Fougeyrollas, P., Cloutier, R., Bergeron, H., Saintt-Michel, G. and Côté, J., and Côté, M., Boucher, N., Roy, K., and Rémillard, M.B.},
  year={1998},
  publisher={Québec RIPPH/SCCIDIH}
}

@book{RapportAzemaChelou,
 author = {Azéma, B., et coll},
 title = {Classification Internationale des Handicaps et santé mentale},
 publisher = {coédition CTNERHI GFEP},
 year = {2001}
 }

@book{ONU2007,
 author = {Organisation des Nations Unis},
 title = {Rapport sur la santé dans le monde : changer le cours de l'histoire},
 publisher = {ONU, Department of Economic and Social Affairs},
 year = {2007}
 }

@book{OMS2004,
 author = {Organisation Mondiale de la Santé},
 title = {World Population Prospects The 2006 Revision},
 publisher = {OMS},
 year = {2004}
 }

 
@book{Lafon1963,
 author = {Lafon, R.,},
 title = {Vocabulaire de psychopédagogie et de psychiatrie de l’enfant},
 publisher = {Puf},
 adress = {Paris},
 year = {1963}
 }
 
 
@book{Kapsi1988,
 author = {Kapsi, A.},
 title = {Franklin Roosevelt},
 publisher = {Fayard},
 year = {1988}
 }
 
@book{Lengagne2014,
 author = {Lengagne, P., Penneau, A., Pichetti S., and Sermet, C.},
 title = {L’accès aux soins dentaires, ophtalmologiques et gynécologiques des personnes en situation de handicap en France. Une exploitation de l’enquête Handicap-Santé Ménages},
 publisher = {Institut de Recherche et Documentation en Economie de la Santé, IRDES},
 year = {2014}
 } 
 
@book{Donabedian1973,
 author = {Donabedian,A.},
 title = {Aspects of Medical Care Administration},
 publisher = {Cambridge: Harvard University Press},
 year = {1973}
 }
 
@book{Kant1781,
 author = {Kant, E.},
 title = {Critique de la raison pure},
 year = {1781}
 }

@book{Diderot1749,
 author = {Diderot},
 title = {Lettre sur les aveugles à l'usage de ce ceux qui y voit},
 year = {1749}
 }
 
 
@book {BorioliLaub2007,
 author = {Borioli, J., \& Laub, R},
 year = {2007}, 
 publisher = {Médecine et Hygiène},
 title = {Handicap : de la différence à la singularité : enjeux au quotidien},
}

@book {Cerquiglini2015,
 author = {Cerquiglini, B. \& Olle, J.},
 year = {2015}, 
 publisher = {Dictionnaire universel, 5e édition, HACHETTE Edicef, Vanves},
 } 

@book {Sticker1996,
 author = {Sticker, H.J.},
 year = {1996}, 
 publisher = {PUF, Que-sais-je?},
 title = {Handicap, handicapés, Handicap et inadaptation, fragments pour une histoire : notions et acteurs},
 series = {Paris, Alter}
 }


@book {Hamonet2015,
 author = {Hamonet, C.},
 year = {2015}, 
 publisher = {PUF, Que-sais-je?},
 title = {Les personnes en situation de handicap}, 
 series = {8ème édition}
 }
 
@book {Ville2014,
 author = {Ville, I., Fillion, E., Ravaud, J-F},
 year = {2014}, 
 publisher = {PUF, Que-sais-je?},
 title = {Introduction à la sociologie du handicap}, 
 series = {1ère édition}
 }
 
@book {DUDH,
 title = {Déclaration Universelle des Droits de l'Homme},
 author = {Organisation des Nations Unies},
 year = {1948},
 month = {Décembre},
 }

@book {DREES2011,
 title = {Comptes nationaux de la santé 2011},
 author = {DREES Direction de la Recherche, des Études, de l'Évaluation et des Statistiques},
 year = {2011}, 
 publisher = {Ministère de l’économie, ministère de la santé, ministère du travail},
 series = {Etude et statistiques},
 }

@book {OMS2011,
 title = {Rapport Mondial sur le Handicap},
 author = {Organisation Mondiale de la Santé},
 year = {2011}, 
 publisher = {Organisation Mondiale de la Santé (OMS)},
 adress = {Genève (Suisse)},
 }

@book {Lengagne2015,
 title = {L’accès aux soins courants et préventifs des personnes en situation de handicap en France},
 author = {Lengagne, P., Penneau, A., Pichetti, S., \& Sermet, C.},
 year = {2015}, 
 publisher = {Institut de Recherche et Documentation en Economie de la Santé, Irdes},
 volume = {Tome 1 Résultats de l’enquête Handicap- Santé volet Ménages.},
 } 

@book {Jacob2013,
 title = {Rapport Jacob 2013 : l’accès aux soins et à la santé des personnes handicapées},
 author = {Jacob, P., \& Jousserandot, A.},
 year = {2013},
 }
 
 @book{Lenoir1974,
  title={Les exclus: un Français sur dix},
  author={Lenoir, R.},
  volume={13},
  year={1974},
  publisher={Seuil}
}

 @book{DictionnaireAcademieFrancaise,
  title={Dictionnaire de l'Académie française},
  author={Académie Française},
 edition = {8ème édition},
}

Dictionnaire Robert, mot équité.
 
 @book{DictionnaireRobert,
  title={Dictionnaire Robert},
} 
 
%conférence


@inproceedings {Hutmacher2001,
author = {Hutmacher, W., Cochrane, D., \& Bottani, N.}, 
title = {In pursuit of equity in education: using international indicators to compare equity policies},
booktitle = {Comprendre, soigner et accompagner le vieillissement},
year = {2001},
adress = {Dordrecht (Germany)},
organization = {Kluwer Academic Publishers},
}


@inproceedings {Gabbai2010,
author = {Gabbai P.}, 
title = {L'avancée en âge des personnes polyhandicapées et infirmes moteurs cérébraux},
booktitle = {Comprendre, soigner et accompagner le vieillissement},
year = {2010},
adress = {Paris (France)},
organization = {AP-HP},
}

@inproceedings {OMS2008,
author = {Organisation Mondiale de la Santé}, 
year = {2008},
month = {Septembre},
adress = {Tbilissi (Géorgie)},
organization = {comité régional de l’Europe, cinquante-huitième session},
}

@inproceedings {Crouzatier2010,
author = {Crouzatier, J.}, 
title = {L’accès aux soins des migrants au regard du droit internationale},
year = {2010},
adress = {Toulouse (France)},
organization = {comité régional de l’Europe, cinquante-huitième session},
publisher = {Presse de l’Université de Toulouse 1 Capitole},
pages = {147},
number = {Acte du colloque n°8},
note = {L’accès aux soins},
}


@inproceedings {HAS2009,
author = {Haute Autorité de Santé}, 
title = {Audition publique : Accès aux soins des personnes en situation de handicap},
year = {2009},
month = {Octobre},
adress = {Paris (France)},
organization = {Haute Autorité de Santé},
publisher = {Presse de l’Université de Toulouse 1 Capitole},
}

%rapport techniques

@techreport {CNSA2010,
title = {Aide à l'adaptation et à la planification de l'offre médico-social en faveur des personnes handicapées vieillissantes},
year = {2010},
month = {Octobre},
author = {Caisse Nationale de Solidarité pour l'Autonomie},
institution = {CNSA},
}

@techreport {Drees2002,
title = {Les personnes handicapées vieillissantes : une approche à partir de l’enquête HID},
year = {2002},
month = {Décembre},
author = {Direction de la Recherche, des Études et de l'Évaluation Statistiques},
institution = {DREES},
bumber = {204},
}